<record xmlns="http://www.loc.gov/MARC21/slim" xmlns:xsi="http://www.w3.org/2001/XMLSchema-instance" xsi:schemaLocation="http://www.loc.gov/MARC21/slim http://www.loc.gov/standards/marcxml/schema/MARC21slim.xsd"><leader>01324nam a2200313   4500</leader><controlfield tag="001">001680054</controlfield><controlfield tag="003">NNU</controlfield><controlfield tag="006">m        d        </controlfield><controlfield tag="007">cr cn |||m|||a</controlfield><controlfield tag="008">140707s1948    le      ob    001 0 ara d</controlfield><datafield ind1=" " ind2=" " tag="040"><subfield code="a">NNU</subfield><subfield code="b">eng</subfield><subfield code="c">NNU</subfield></datafield><datafield ind1=" " ind2=" " tag="043"><subfield code="a">aw-----</subfield></datafield><datafield ind1="1" ind2=" " tag="100"><subfield code="a">Farr&#363;kh, &#699;Umar,</subfield><subfield code="d">1906-</subfield></datafield><datafield ind1="1" ind2="0" tag="245"><subfield code="a">&#7716;ak&#299;m al-Ma&#699;arrah</subfield><subfield code="h">[electronic resource] :</subfield><subfield code="b">A&#7717;mad ibn &#699;Abd All&#257;h ibn Sulaym&#257;n al-Ma&#699;arr&#299; /</subfield><subfield code="c">ta&#700;l&#299;f &#699;Umar Farr&#363;kh.</subfield></datafield><datafield ind1="1" ind2="3" tag="246"><subfield code="a">Sage of al-Ma&#699;arra</subfield></datafield><datafield ind1=" " ind2=" " tag="250"><subfield code="a">al-&#7788;ab&#699;ah 2.</subfield></datafield><datafield ind1=" " ind2=" " tag="260"><subfield code="a">Bayr&#363;t :</subfield><subfield code="b">Ma&#7789;ba&#699;at al-Kashsh&#257;f,</subfield><subfield code="c">1948.</subfield></datafield><datafield ind1=" " ind2=" " tag="300"><subfield code="a">online resource (135 p.)</subfield></datafield><datafield ind1="0" ind2=" " tag="490"><subfield code="a">Silsilat al-Kashsh&#257;f al-adab&#299;yah ;</subfield><subfield code="v">8</subfield></datafield><datafield ind1=" " ind2=" " tag="500"><subfield code="a">Part of the Arabic Collections Online (ACO) project, contributed by New York Univeristy Libraries.</subfield></datafield><datafield ind1=" " ind2=" " tag="504"><subfield code="a">Includes bibliographical references and index.</subfield></datafield><datafield ind1=" " ind2=" " tag="533"><subfield code="a">Electronic reproduction.</subfield><subfield code="b">New York, N.Y. :</subfield><subfield code="c">New York University,</subfield><subfield code="d">2014.</subfield><subfield code="5">NNU</subfield></datafield><datafield ind1="0" ind2="0" tag="600"><subfield code="a">Ab&#363; al-&#699;Al&#257;&#700; al-Ma&#699;arr&#299;,</subfield><subfield code="d">973-1057.</subfield></datafield><datafield ind1=" " ind2="0" tag="650"><subfield code="a">Poets, Arab</subfield><subfield code="z">Islamic Empire</subfield><subfield code="v">Biography.</subfield></datafield><datafield ind1="2" ind2=" " tag="710"><subfield code="a">New York University.</subfield><subfield code="b">Libraries.</subfield></datafield><datafield ind1="0" ind2=" " tag="730"><subfield code="a">Arabic Collections Online.</subfield></datafield><datafield ind1="0" ind2="8" tag="776"><subfield code="i">Print version:</subfield><subfield code="a">Farr&#363;kh, &#699;Umar, 1906-</subfield><subfield code="t">&#7716;ak&#299;m al-Ma&#699;arrah</subfield><subfield code="w">(NNU)001680054</subfield></datafield><datafield ind1="4" ind2="0" tag="856"><subfield code="u">http://hdl.handle.net/2333.1/3n5tb4g5</subfield></datafield><datafield ind1=" " ind2=" " tag="959"><subfield code="a">NNU</subfield><subfield code="b">WEB</subfield><subfield code="c">GENI</subfield><subfield code="t">0</subfield><subfield code="m">Electronic access</subfield><subfield code="s">01</subfield></datafield></record>